@misc{fourProgrammingParadigm,
	title = {Overview of the four main programming paradigms},
	url = {https://homes.cs.aau.dk/~normark/prog3-03/html/notes/paradigms_themes-paradigm-overview-section.html},
	urldate = {2023-07-28},
	file = {Overview of the four main programming paradigms:C\:\\Users\\Anzar Malik\\Zotero\\storage\\VIHR8CH8\\paradigms_themes-paradigm-overview-section.html:text/html},
}

@inproceedings{ishida1991use,
  title={Use of procedural programming languages for controlling production systems},
  author={Ishida, Toru and Sasaki, Yutaka and Fukuhara, Yoshimi},
  booktitle={Proceedings The Seventh IEEE Conference on Artificial Intelligence Application},
  pages={71--72},
  year={1991},
  organization={IEEE Computer Society}
}

@book{lewis2009java,
  title={Java software solutions: foundations of program design},
  author={Lewis, John and Loftus, William and Smith, Allan},
  year={2009},
  publisher={Pearson/Addison-Wesley}
}

@article{ko2005framework,
  title={A framework and methodology for studying the causes of software errors in programming systems},
  author={Ko, Amy J and Myers, Brad A},
  journal={Journal of Visual Languages \& Computing},
  volume={16},
  number={1-2},
  pages={41--84},
  year={2005},
  publisher={Elsevier}
}

@article{harrison1997introduction,
  title={Introduction to functional programming},
  author={Harrison, John},
  journal={Lecture Notes, Cam},
  year={1997}
}

@article{hughes1989functional,
  title={Why functional programming matters},
  author={Hughes, John},
  journal={The computer journal},
  volume={32},
  number={2},
  pages={98--107},
  year={1989},
  publisher={Oxford University Press}
}